
@Book{ggplot2,
    author = {Hadley Wickham},
    title = {ggplot2: Elegant Graphics for Data Analysis},
    publisher = {Springer-Verlag New York},
    year = {2016},
    isbn = {978-3-319-24277-4},
    url = {https://ggplot2.tidyverse.org},
  }


@Article{BrendelPDE,
author	={Karl Brendel and Emmanuelle Comets and Céline Laffont and
Christian Laveille and France Mentr{\'e}},
title	={Metrics for external model evaluation with an application to the
population pharmacokinetics of gliclazide},
volume	={23},
pages	={2036--49},
journal	={Pharmaceutical Research},
year	=2006	}

  @Manual{R,
    title = {R: A Language and Environment for Statistical Computing},
    author = {{R Development Core Team}},
    organization = {R Foundation for Statistical Computing},
    address = {Vienna, Austria},
    year = {2006},
    note = {{ISBN} 3-900051-07-0},
    url = {http://www.R-project.org},
  }
  
@Article{MentrePDE,
author	={France Mentr{\'e} and Sylvie Escolano},
title	={Prediction discrepancies for the evaluation of nonlinear mixed-effects
models},
volume	={33},
pages	={345--67},
journal	={Journal of Pharmacokinetics and Pharmacodynamics},
year	=2006	}

@manual{NONMEM,
title   ={NONMEM Version 5.1},
author  ={L Sheiner and S 
},
organization={University of California, NONMEM Project Group},
address ={San Francisco},
year    =1998   }

@Manual{MONOLIX,
     title        = {MONOLIX (MOd\`eles NOn LIn\'eaires \`a effets miXtes)},
     author       = {Marc Lavielle},
     organization = {{MONOLIX} group},
     address      = {Orsay, France},
     year         = 2005,
     url          = {http://www.monolix.org}
}

@Article{Brendel06,
author	={Karl Brendel and Emmanuelle Comets and C{\'e}line Laffont and Christian Laveille and France Mentr{\'e}},
title	={Metrics for external model evaluation with an application to the population pharmacokinetics of gliclazide},
volume	={23},
pages	={2036--49},
journal	={Pharmaceutical Research},
year	=2006	}

@ARTICLE{BrendelCPK07,
  author = {Karl Brendel and Céline Dartois and Emmanuelle Comets and Annabelle
	Lemenuel-Diot and Christian Laveille and Brigitte Tranchand and Pascal
	Girard and Céline Laffont and France Mentré},
  title = {Are Population Pharmacokinetic and/or Pharmacodynamic Models Adequately
	Evaluated? {A} Survey of the Literature from 2002 to 2004},
  journal = {Clinical Pharmacokinetics},
  year = {2007},
  volume = {46},
  pages = {221--234},
  number = {3}
}

@Article{Brendel10,
author  ={Karl Brendel and Emmanuelle Comets and Céline Laffont and France Mentré},
title   ={Evaluation of different tests based on observations for external model evaluation of population analyses},
volume  ={37},
pages   ={49--65},
journal ={Journal of Pharmacokinetics and Pharmacodynamics},
year    =2010  }

@Article{CometsCMPB08,
author	={Emmanuelle Comets and Karl Brendel and France Mentr{\'e}},
title	={Computing normalised prediction distribution errors to evaluate nonlinear mixed-effect models: the npde add-on package for {R}},
volume	={90},
pages	={154--66},
journal	={Computer Methods and Programs in Biomedicine},
year	=2008	}

@Article{CometsPAGE07,
author	={E Comets and K Brendel and F Mentr{\'e}},
title	={Normalised prediction distribution errors in {R}: the npde library},
journal	={16$^{th}$ meeting of the {P}opulation {A}pproach {G}roup in {E}urope,
Copenhagen, Denmark},
pages	={Abstr 1120},
year	=2007	}

@Article{Comets10,
author	={Emmanuelle Comets and Karl Brendel and France Mentré},
title	={Model evaluation in nonlinear mixed effect models, with applications to pharmacokinetics},
volume	={151},
pages	={106--28},
journal	={Journal de la Société Française de Statistique},
year	=2010	}

@ARTICLE{Ding1999,
  author = {Ding, A. A. and Wu, H.},
  title = {{Relationships between antiviral treatment effects and biphasic viral
	decay rates in modeling HIV dynamics}},
  journal = {Mathematical Biosciences},
  year = {1999},
  volume = {160},
  pages = {63--82}
}

@Article{CometsPAGE13,
author	={E Comets and THT Nguyen and F Mentr{\'e}},
title	={Additional features and graphs in the new npde library for R},
journal	={16$^{th}$ meeting of the {P}opulation {A}pproach {G}roup in {E}urope,
Glasgow, United Kingdom},
pages	={Abstr 2775},
year	=2013	}

@Article{Fraley02,
author  ={C Fraley and A E Raftery},
title   ={Model-based clustering, discriminant analysis, and density estimation},
volume  ={97},
pages   ={611--31},
journal ={Journal of the American Statistical Association},
year    =2002}

@Article{Fraley06,
author  ={C Fraley and A E Raftery},
title   ={{MCLUST} version 3 for {R}: normal mixture modeling and model-based clustering},
journal ={Technical Report No. 504, Department of Statistics, University of Washington (revised 2009)},
year    =2006}

@Manual{Genolini,
    title = {Construire un Package - Classic et S4},
    author = {C Genolini},
    organization = {INSERM U669},
    address = {Paris, France},
    year = {2010},
    url = {http://cran.r-project.org/doc/contrib/Genolini-ConstruireUnPackage.pdf},
}

@Article{GoujardISA2010,
  author = {Goujard, C. and Barrail-Tran, A. and Duval,X. and Nembot, G. and Panhard, X. and Savic, R. and Descamps, D. and Vrijens, B. and Taburet, A.M. and Mentré, F. and {the ANRS 134 study group}},
  title = {{Virological response to atazanavir, ritonavir and tenofovir/emtricitabine: relation to individual pharmacokinetic parameters and adherence measured by medication events monitoring system (MEMS) in naïve HIV-infected patients (ANRS134 trial)}},
  year = {2010},
  pages = {Abstr WEPE0094},
  journal = {International AIDS Society 2010}
}
%  url = {http://www.iasociety.org/Default.aspx?pageId=11&abstractId=200738161}

@Article{Lavielle11,
author  ={M Lavielle and K Bleakley},
title   ={Automatic data binning for improved visual diagnosis of pharmacometric models},
volume  ={38},
pages   ={861--71},
journal ={Journal of Pharmacokinetics and Pharmacodynamics},
year    =2011}

@Article{Mesnil,
author  ={F Mesnil and F Mentr{\'e} and C Dubruc and JP Th{\'e}not and A Mallet},
title   ={Population pharmacokinetics analysis of mizolastine and validation
from sparse data on patients using the nonparametric maximum likelihood method},
volume  ={26},
pages   ={133--161},
journal ={Journal of Pharmacokinetics and Biopharmaceutics},
year    =1998	}

@Article{Minto97a,
author  ={CF Minto and TW Schnider and TD Egan and E Youngs and HJ Lemmens and PL Gambus PL and V Billard and JF Hoke and KH Moore and DJ Hermann and KT Muir and JW Mandema and SL Shafer},
title   ={Influence of age and gender on the pharmacokinetics and pharmacodynamics of remifentanil. {I. M}odel development.},
volume  ={86},
pages   ={10--23},
journal ={Anesthesiology},
year    =1997	}

@Article{Minto97b,
author  ={CF Minto and TW Schnider and SL Shafer},
title   ={Pharmacokinetics and pharmacodynamics of remifentanil. {II. M}odel application.
},
volume  ={86},
pages   ={24--33},
journal ={Anesthesiology},
year    =1997	}

@Article{Nguyen2011,
  author = {T H T Nguyen and E Comets and F Mentré},
  title = {{Prediction discrepancies (pd) for evaluation of models with data under limit of quantification}},
  year = {2011},
  pages = {Abstr 2182},
  publisher = {20$^{th}$ meeting of the {P}opulation {A}pproach {G}roup in {E}urope, Athens, Greece},
  url = {www.page-meeting.org/?abstract=2182}
}

@Article{Nguyen2012,
  author = {T H T Nguyen and E Comets and F Mentré},
title   ={{Prediction discrepancies (pd) for evaluation of models with data under limit of quantification}},
volume  ={39},
pages   ={499-518},
journal ={Journal of Pharmacokinetics and Pharmacodynamics},
year    =2012	}
%volume  ={26},

@Article{Wright,
author  ={S Wright},
title   ={Adjusted P-Values for Simultaneous Inference},
volume  ={48},
pages   ={1005--13},
journal ={Biometrics},
year    =1992	}

@Article{Higham86,
author  ={N J Higham},
title   ={Computing the polar decomposition -- with applications},
volume  ={7},
pages   ={1160--74},
journal ={SIAM Journal on Scientific and Statistical Computing},
year    =1986	}

%%%%%%%%%%%%%%%%%%%%%%%%%%%%%%%%%%

@Article{,
author  ={},
title   ={},
volume  ={},
pages   ={},
journal ={},
year    =2}

